<record><leader>00000cas a22000007a 4500</leader><controlfield tag="001">10186013</controlfield><controlfield tag="008">831203d18801977njuwr ne      0    0eng d</controlfield><datafield ind1=" " ind2=" " tag="010"><subfield code="a">sn 83032165 </subfield></datafield><datafield ind1=" " ind2=" " tag="040"><subfield code="a">NPU</subfield><subfield code="b">eng</subfield><subfield code="c">NPU</subfield><subfield code="d">NPA</subfield><subfield code="d">NJW</subfield><subfield code="d">DLC</subfield><subfield code="d">NJW</subfield><subfield code="d">OCLCQ</subfield></datafield><datafield ind1=" " ind2=" " tag="042"><subfield code="a">msc</subfield></datafield><datafield ind1="0" ind2="0" tag="245"><subfield code="a">Cape May Co. gazette.</subfield></datafield><datafield ind1="3" ind2="0" tag="246"><subfield code="a">Cape May County gazette</subfield></datafield><datafield ind1="1" ind2="7" tag="246"><subfield code="a">County gazette times reporter</subfield><subfield code="f">&lt;Jan. 5-Apr. 6/7, 1977&gt;</subfield></datafield><datafield ind1=" " ind2=" " tag="260"><subfield code="a">Cape May Court House, N.J. :</subfield><subfield code="b">Alfred Cooper,</subfield><subfield code="c">1880-</subfield></datafield><datafield ind1=" " ind2=" " tag="300"><subfield code="a">v. :</subfield><subfield code="b">ill. ;</subfield><subfield code="c">62 cm.</subfield></datafield><datafield ind1=" " ind2=" " tag="310"><subfield code="a">Weekly</subfield></datafield><datafield ind1="0" ind2=" " tag="362"><subfield code="a">Vol. 1, no. 1 (Mar. 6, 1880)-</subfield></datafield><datafield ind1="1" ind2=" " tag="362"><subfield code="a">Ceased in Apr. 1977.</subfield></datafield><datafield ind1=" " ind2=" " tag="500"><subfield code="a">"Devoted to the general interests of Cape May County."</subfield></datafield><datafield ind1=" " ind2=" " tag="500"><subfield code="a">Publisher's statement title: Cape May County gazette. Beginning with the issue for Feb. 24, 1888, masthead title reads: Cape May County gazette.</subfield></datafield><datafield ind1=" " ind2=" " tag="500"><subfield code="a">Masthead title, &lt;Jan. 5-Apr. 6/7, 1977&gt;: Cape May County gazette Cape May County times Seven Mile Beach reporter.</subfield></datafield><datafield ind1=" " ind2=" " tag="530"><subfield code="a">Also issued on microfilm by Norton Micro Images and Micro-Graphics Corp., Garfield, N.J.</subfield></datafield><datafield ind1=" " ind2=" " tag="752"><subfield code="a">United States</subfield><subfield code="b">New Jersey</subfield><subfield code="c">Cape May</subfield><subfield code="d">Cape May Court House.</subfield></datafield><datafield ind1="0" ind2="7" tag="785"><subfield code="t">Wildwood leader</subfield><subfield code="w">(DLC)sn9006030433</subfield><subfield code="w">(OCoLC)22411321</subfield></datafield><datafield ind1="0" ind2="7" tag="785"><subfield code="t">Gazette leader</subfield><subfield code="w">(DLC)sn 86077026</subfield><subfield code="w">(OCoLC)13727652</subfield></datafield></record>